@article{COVID-19clanok,
  title={COVID-19 Pandemic: Langkawi Vocational College Student Challenge in Using Google Classroom for Teaching and Learning (T\&L)},
  author={Wan Hassan, WAS and Ariffin, A and Ahmad, F and Sharberi, SNM and Nor Azizi, MI and Zulkiflee, SN},
  journal={International Journal},
  volume={9},
  number={3},
  year={2020}
}

@article{MS-TEAMS,
  title={Microsoft Teams--vhodn{\'y} n{\'a}stroj na vzdel{\'a}vanie di{\v{s}}tan{\v{c}}nou met{\'o}dou},
  author={Schmidt, Peter and Horniakov{\'a}, Veronika},
  journal={Economics And Informatics},
  volume={17},
  number={2},
  year={2019}
}

@article{GoogleClassroomPBL,
  title={Study on the Application of Google Classroom for Problem-Based Learning},
  author={Bayarmaa, Natsagdorj and Lee, A},
  journal={Journal of the Korea Academia-Industrial},
  volume={10},
  pages={81--87},
  year={2018}
}

 @misc{release_date,
title={Google Debuts Classroom, An Education Platform For Teacher-Student Communication}, 
url={https://techcrunch.com/2014/05/06/google-debuts-classroom-an-education-platform-for-teacher-student-communication/}, 
journal={TechCrunch}, 
publisher={TechCrunch}, 
author={Etherington, Darrell}, 
year={2014}, 
month={May}
} 

@inproceedings{porovnanie,
  title={MS TEAMS AND GOOGLE CLASSROOM: PRELIMINARY QUALITATIVE COMPARISONS AND USER FEEDBACK},
  author={Davidson, Paul and Long, Evan and Molnar, Amanda and Chui, Rachel Tai Meng and Ting, Chong Yee},
  booktitle={The 5th Pre-University Conference},
  pages={107}
}